@unpublished {
  aufg,
  author = {Wilhelm Erben},
  title = {Heuristische Optimierungsverfahren -- Aufgabenstellung (WS 13/14)},
  year = {2013},
  note = {Verf체gbar im HTWG Intranet}
}

@unpublished {
  erben,
  author = {Wilhelm Erben},
  title = {Vorlesungsskript -- 3 Genetic Algorithms},
  year = {2013},
  note = {Verf체gbar im HTWG Intranet}
}

@online {
  geatbx-ea,
  author = {GEATbx},
  title = {Evolutionary Algorithms},
  year = {2006},
  note = {\\ \url{http://www.geatbx.com/docu/algindex.html}}
}

@online {
  geatbx-options,
  author = {GEATbx},
  title = {Options},
  year = {2006},
  note = {\\ \url{http://www.geatbx.com/docu/options.html}}
}

@unpublished {
  mcl,
  author = {Oliver Bittel},
  title = {Mobile Roboter -- Monte-Carlo-Lokalisierung},
  year = {2013}
}

@paper {
  seltour,
  author = {David E. Goldberg and Kalyanmoy Deb},
  title = {A Comparative Analysis of Selection Schemes Used in Genetic Algorithms},
  year = {1991}
}

@misc{ wikiTsp,
   author = "Wikipedia",
   title = "Problem des Handlungsreisenden --- Wikipedia{,} Die freie Enzyklop채die",
   year = "2014",
   url = "http://de.wikipedia.org/w/index.php?title=Problem_des_Handlungsreisenden&oldid=126050777",
   note = "[Online; Stand 8. Januar 2014]"
 }

@misc{ wikiUniversum,
   author = "Wikipedia",
   title = "Universum --- Wikipedia{,} Die freie Enzyklop채die",
   year = "2013",
   url = "http://de.wikipedia.org/w/index.php?title=Universum&oldid=125985088",
   note = "[Online; Stand 8. Januar 2014]"
 }

 @booklet {
  fink,
  author = "Andreas Fink and Franz Rothlauf",
  title = "Heuristische Optimierungsverfahren in der Wirtschaftsinformatik",
  publisher = "University of Mannheim",
  url = "http://wi.bwl.uni-mainz.de/Dateien/wi-metaheuristics-working-paper10_06.pdf",
  month = "April",
  year = "2006",
  lastchecked = "8.1.2014",
}

@paper {
  ox,
  author = {Lawrence Davis},
  title = {Applying Adaptive Algorithms to Epistatic Domains},
  year = {1985}
}

@paper {
  mutation,
  author = {Kusum Deep and Hadush Mebrahtu},
  title = {Combined Mutation Operators of Genetic Algorithm for the Travelling Salesman problem},
  year = {2011}
}

